@techreport{ morihata08,
    author      = {Morihata, A. and Matsuzaki, K.},
    year        = {2008},
    title       = {A parallel tree contraction algorithm on non-binary trees},
    volume      = {336},
    number      = {METR 2008-27},
    institution = {Department of Mathematical Informatics, University of Tokyo},
    langid      = {english}
}

@incollection{ morihata11,
    author      = {Morihata, A. and Matsuzaki, K.},
    title       = {A practical tree contraction algorithm for parallel skeletons on trees of unbounded degree},
    series      = {Procedia Computer Science},
    number      = {4},
    pages       = {7-16},
    langid      = {english}
}

@article{ morihata14,
    author      = {Morihata, A. and Matsuzaki, K.},
    year        = {2014},
    title       = {Parallel Tree Contraction with Fewer Types of Primitive Contraction Operations and Its Application to Trees of Unbounded Degree},
    journal     = {IPSJ Online Transactions},
    volume      = {7},
    pages       = {148-156},
    langid      = {english}
}

@inproceedings{ sengupta06,
    author      = {Sengupta, S. and Lefohn, A. E. and Owens, J. D.},
    year        = {2006},
    title       = {A work-efficient step-efficient prefix sum algorithm},
    booktitle   = {Workshop on edge computing using new commodity architectures},
    pages       = {26-27},
    langid      = {english}
}

@article{ hillis86,
    author      = {Hillis, W. D. and Steele Jr, G. L.},
    year        = {1986},
    title       = {Data parallel algorithms},
    journal     = {Communications of the {ACM}},
    volume      = {29},
    number      = {12},
    pages       = {1170-1183},
    langid      = {english}
}

@incollection{ alstrup05,
    author      = {Stephen Alstrup and Jacob Holm and de Lichtenberg, Kristian and Mikkel Thorup},
    title       = {Minimizing diameters of dynamic trees},
    booktitle   = {Automata, Languages and Programming},
    series      = {Lecture Notes in Computer Science},
    number      = {1256},
    pages       = {270-280},
    year        = {2005},
    langid      = {english}
}

@article{ frederickson97,
    author      = {Frederickson, G. N.},
    year        = {1997},
    title       = {A data structure for dynamically maintaining rooted trees},
    journal     = {Journal of Algorithms},
    volume      = {24},
    number      = {1},
    pages       = {37-65},
    langid      = {english}
}

@inproceedings{ wjf-kmu,
    author      = {Цзюньфэн У},
    title       = {Обобщенная реализация RC-деревьев с параллельными обновлениями},
    booktitle   = {V Всероссийский конгресс молодых ученых},
    year        = {2016},
    langid      = {russian}
}

@inproceedings{ wjf-spisok,
    author      = {Цзюньфэн У and Максим Буздалов},
    title       = {Обобщенная реализация укорененных Rake-and-Compress деревьев},
    booktitle   = {Труды всероссийской конференции СПИСОК},
    year        = {2016},
    langid      = {russian}
}

@article{ splay-tree,
    author      = {Daniel D. Sleator and Robert E. Tarjan},
    title       = {Self-Adjusting Binary Search Trees},
    journal     = {Journal of ACM},
    volume      = {32},
    number      = {3},
    pages       = {652-686},
    year        = {1985},
    langid      = {english}
}

@article{ sleator83,
    author      = {Sleator, D. D. and Tarjan, R. E.},
    year        = {1983},
    title       = {A data structure for dynamic trees},
    journal     = {Journal of Computer and System Sciences},
    volume      = {26},
    number      = {3},
    pages       = {362-391},
    langid      = {english}
}

@inproceedings{ miller85,
    author      = {Gary L. Miller and John H. Reif},
    title       = {Parallel tree contraction and its application},
    booktitle   = {Proceedings of the 26th Annual Symposium on Foundations of Computer Science},
    year        = {1985},
    pages       = {478-489},
    langid      = {english}
}

@incollection{ miller89,
    author      = {Gary L. Miller and John H. Reif},
    title       = {Parallel Tree Contraction Part 1: Fundamentals},
    year        = {1989},
    booktitle   = {Randomness and Computation},
    publisher   = {JAI Press},
    pages       = {47-72},
    volume      = {5},
    langid      = {english}
}

@article{ miller91,
    author      = {Gary L. Miller and John H. Reif},
    title       = {Parallel Tree Contraction Part 2: Further Applications},
    year        = {1991},
    journal     = {SIAM Journal on Computing},
    volume      = {20},
    number      = {6},
    pages       = {1128-1147},
    langid      = {english}
}

@inproceedings{ reif94,
    author      = {Reif, J. and Tate, S.},
    year        = {1994},
    title       = {Dynamic Parallel Tree Contraction},
    booktitle   = {Proceedings of SPAA},
    pages       = {114-121},
    langid      = {english}
}

@article{ cartesian-tree,
    author      = {Jean Vuillemin},
    title       = {A Unifying Look at Data Structures},
    journal     = {Communications of ACM},
    volume      = {23},
    number      = {4},
    pages       = {229-239},
    year        = {1980},
    langid      = {english}
}

@techreport{ acar03,
    author      = {U. A. Acar and G. E. Blelloch and J. L. Vittes},
    title       = {Separating structure from data in dynamic trees},
    number      = {CMU-CS-03-189},
    institution = {Department of Computer Science, Carnegie Mellon University},
    year        = {2003},
    langid      = {english}
}

@inproceedings{ acar04,
    author      = {Acar, U. and Blelloch, G. and Harper, R. and Vittes, J. and Woo, S.},
    year        = {2004},
    title       = {Dynamizing Static Algorithms with Applications to Dynamic Trees and History 
                   Independence},
    booktitle   = {Proceedings of SODA},
    pages       = {531-540},
    langid      = {english}
}

@inproceedings{ acar05,
    author      = {Acar, U. and Blelloch, G. and Vittes, J.},
    year        = {2005},
    title       = {An Experimental Analysis of Change Propagation in Dynamic Trees},
    booktitle   = {Workshop on Algorithms Engineering and Experiments},
    langid      = {english}
}

@article{ goldberg88,
    author      = {Goldberg, A. V. and Tarjan, R. E.},
    year        = {1988},
    title       = {A new approach to the maximum-flow problem},
    journal     = {Journal of the ACM},
    volume      = {35},
    number      = {4},
    pages       = {921-940},
    langid      = {english}
}


